<?xml version="1.0" encoding="UTF-8"?>
<record><leader>00000cam^a22001814a^4500</leader><controlfield tag="001">000000125</controlfield><controlfield tag="003">FI-MELINDA</controlfield><controlfield tag="005">20081218152719.0</controlfield><controlfield tag="008">930315s1984^^^^fi^|||||||||||||||||fin||</controlfield><datafield tag="STA" ind1=" " ind2=" "><subfield code="a">DELETED</subfield></datafield><datafield tag="020" ind1=" " ind2=" "><subfield code="a">951-9356-04-5 (sid.)</subfield></datafield><datafield tag="020" ind1=" " ind2=" "><subfield code="a">951-771-925-6 (nid.) :</subfield><subfield code="c">Julk.</subfield></datafield><datafield tag="035" ind1=" " ind2=" "><subfield code="a">(FI-MELINDA)000000125</subfield></datafield><datafield tag="041" ind1="1" ind2=" "><subfield code="a">fin</subfield><subfield code="h">swe</subfield></datafield><datafield tag="080" ind1=" " ind2=" "><subfield code="a">914.80</subfield></datafield><datafield tag="080" ind1=" " ind2=" "><subfield code="a">908</subfield><subfield code="x">(480)</subfield></datafield><datafield tag="080" ind1=" " ind2=" "><subfield code="a">910.4</subfield><subfield code="x">(480)</subfield></datafield><datafield tag="080" ind1=" " ind2=" "><subfield code="a">60</subfield></datafield><datafield tag="080" ind1=" " ind2=" "><subfield code="a">630</subfield><subfield code="x">(480.1)</subfield></datafield><datafield tag="080" ind1=" " ind2=" "><subfield code="a">911.375</subfield></datafield><datafield tag="080" ind1=" " ind2=" "><subfield code="a">712.25</subfield><subfield code="x">(480.1)</subfield></datafield><datafield tag="080" ind1=" " ind2=" "><subfield code="a">908</subfield><subfield code="x">(480) Helsinki</subfield></datafield><datafield tag="080" ind1=" " ind2=" "><subfield code="a">630.2</subfield><subfield code="x">(091)</subfield><subfield code="x">(480.1)</subfield></datafield><datafield tag="084" ind1=" " ind2=" "><subfield code="a">Ta 86(0)</subfield><subfield code="2">z</subfield></datafield><datafield tag="084" ind1=" " ind2=" "><subfield code="a">Ta 85.1(0)</subfield><subfield code="2">z</subfield></datafield><datafield tag="100" ind1="0" ind2=" "><subfield code="a">Topelius, Zacharias.</subfield></datafield><datafield tag="245" ind1="1" ind2="0"><subfield code="a">Matkustus Suomessa /</subfield><subfield code="c">Z. Topelius ; toim. Aarni Krohn.</subfield></datafield><datafield tag="260" ind1=" " ind2=" "><subfield code="a">Espoo :</subfield><subfield code="b">Littera,</subfield><subfield code="c">1984.</subfield></datafield><datafield tag="300" ind1=" " ind2=" "><subfield code="a">151 s.</subfield></datafield><datafield tag="300" ind1=" " ind2=" "><subfield code="a">139 s. :</subfield><subfield code="b">kuv.</subfield></datafield><datafield tag="500" ind1=" " ind2=" "><subfield code="a">Alkuperäisteos: Suomalaisen kirjallisuuden-seuran kirjapainossa 1873 Helsingissä.</subfield></datafield><datafield tag="500" ind1=" " ind2=" "><subfield code="a">huomautus 3</subfield></datafield><datafield tag="520" ind1=" " ind2=" "><subfield code="a">Summary: Management of the city's forest.</subfield></datafield><datafield tag="650" ind1=" " ind2="7"><subfield code="a">matkakertomukset</subfield><subfield code="z">Suomi</subfield><subfield code="y">1800-luku</subfield><subfield code="2">ysa</subfield></datafield><datafield tag="650" ind1=" " ind2="7"><subfield code="a">metsänhoito</subfield><subfield code="x">kaupungit</subfield><subfield code="z">Helsinki</subfield><subfield code="x">historia</subfield><subfield code="2">ysa</subfield></datafield><datafield tag="650" ind1=" " ind2="7"><subfield code="a">metsänhoito</subfield><subfield code="x">kaupunkimetsät</subfield><subfield code="x">historia</subfield><subfield code="z">Helsinki</subfield><subfield code="2">agrifors</subfield></datafield><datafield tag="650" ind1=" " ind2="7"><subfield code="a">metsänhoito</subfield><subfield code="x">kaupunkimetsät</subfield><subfield code="x">historia</subfield><subfield code="z">Helsinki</subfield><subfield code="2">agrofors</subfield></datafield><datafield tag="650" ind1=" " ind2="7"><subfield code="a">hisuoria</subfield><subfield code="z">Suomi</subfield><subfield code="2">ysa</subfield></datafield><datafield tag="653" ind1=" " ind2=" "><subfield code="a">kaupunkikulttuuri</subfield><subfield code="a">metsä</subfield><subfield code="a">luonto</subfield><subfield code="a">Helsinki</subfield></datafield><datafield tag="700" ind1="1" ind2=" "><subfield code="a">Krohn, Aarni.</subfield></datafield><datafield tag="850" ind1=" " ind2=" "><subfield code="a">FI-Ta</subfield></datafield><datafield tag="SID" ind1=" " ind2=" "><subfield code="c">1325</subfield><subfield code="b">arsca</subfield></datafield><datafield tag="SID" ind1=" " ind2=" "><subfield code="c">100085</subfield><subfield code="b">alma</subfield></datafield><datafield tag="SID" ind1=" " ind2=" "><subfield code="c">124762</subfield><subfield code="b">fenni</subfield></datafield><datafield tag="SID" ind1=" " ind2=" "><subfield code="c">64538</subfield><subfield code="b">helka</subfield></datafield><datafield tag="SID" ind1=" " ind2=" "><subfield code="c">24162</subfield><subfield code="b">hilla</subfield></datafield><datafield tag="SID" ind1=" " ind2=" "><subfield code="c">153966</subfield><subfield code="b">joeca</subfield></datafield><datafield tag="SID" ind1=" " ind2=" "><subfield code="c">124913</subfield><subfield code="b">jykdo</subfield></datafield><datafield tag="SID" ind1=" " ind2=" "><subfield code="c">138465</subfield><subfield code="b">oula</subfield></datafield><datafield tag="SID" ind1=" " ind2=" "><subfield code="c">278907</subfield><subfield code="b">tamca</subfield></datafield><datafield tag="SID" ind1=" " ind2=" "><subfield code="c">299600</subfield><subfield code="b">vaari</subfield></datafield><datafield tag="SID" ind1=" " ind2=" "><subfield code="c">156377</subfield><subfield code="b">volte</subfield></datafield><datafield tag="SID" ind1=" " ind2=" "><subfield code="c">000000123</subfield><subfield code="b">valpu</subfield></datafield><datafield tag="CAT" ind1=" " ind2=" "><subfield code="a">ERE</subfield><subfield code="b">30</subfield><subfield code="c">20081218</subfield><subfield code="l">FIN01</subfield><subfield code="h">1447</subfield></datafield><datafield tag="CAT" ind1=" " ind2=" "><subfield code="a">ERE</subfield><subfield code="b">30</subfield><subfield code="c">20081218</subfield><subfield code="l">FIN01</subfield><subfield code="h">1454</subfield></datafield><datafield tag="CAT" ind1=" " ind2=" "><subfield code="a">ERE</subfield><subfield code="b">30</subfield><subfield code="c">20081218</subfield><subfield code="l">FIN01</subfield><subfield code="h">1456</subfield></datafield><datafield tag="CAT" ind1=" " ind2=" "><subfield code="a">ERE</subfield><subfield code="b">30</subfield><subfield code="c">20081218</subfield><subfield code="l">FIN01</subfield><subfield code="h">1457</subfield></datafield><datafield tag="CAT" ind1=" " ind2=" "><subfield code="a">ERE</subfield><subfield code="b">30</subfield><subfield code="c">20081218</subfield><subfield code="l">FIN01</subfield><subfield code="h">1457</subfield></datafield><datafield tag="CAT" ind1=" " ind2=" "><subfield code="a">ERE</subfield><subfield code="b">30</subfield><subfield code="c">20081218</subfield><subfield code="l">FIN01</subfield><subfield code="h">1500</subfield></datafield><datafield tag="CAT" ind1=" " ind2=" "><subfield code="a">ERE</subfield><subfield code="b">30</subfield><subfield code="c">20081218</subfield><subfield code="l">FIN01</subfield><subfield code="h">1502</subfield></datafield><datafield tag="CAT" ind1=" " ind2=" "><subfield code="a">ERE</subfield><subfield code="b">30</subfield><subfield code="c">20081218</subfield><subfield code="l">FIN01</subfield><subfield code="h">1503</subfield></datafield><datafield tag="CAT" ind1=" " ind2=" "><subfield code="a">ERE</subfield><subfield code="b">30</subfield><subfield code="c">20081218</subfield><subfield code="l">FIN01</subfield><subfield code="h">1503</subfield></datafield><datafield tag="CAT" ind1=" " ind2=" "><subfield code="a">ERE</subfield><subfield code="b">30</subfield><subfield code="c">20081218</subfield><subfield code="l">FIN01</subfield><subfield code="h">1523</subfield></datafield><datafield tag="CAT" ind1=" " ind2=" "><subfield code="a">ERE</subfield><subfield code="b">30</subfield><subfield code="c">20081218</subfield><subfield code="l">FIN01</subfield><subfield code="h">1523</subfield></datafield><datafield tag="CAT" ind1=" " ind2=" "><subfield code="a">ERE</subfield><subfield code="b">30</subfield><subfield code="c">20081218</subfield><subfield code="l">FIN01</subfield><subfield code="h">1524</subfield></datafield><datafield tag="CAT" ind1=" " ind2=" "><subfield code="a">ERE</subfield><subfield code="b">30</subfield><subfield code="c">20081218</subfield><subfield code="l">FIN01</subfield><subfield code="h">1525</subfield></datafield><datafield tag="CAT" ind1=" " ind2=" "><subfield code="a">ERE</subfield><subfield code="b">30</subfield><subfield code="c">20081218</subfield><subfield code="l">FIN01</subfield><subfield code="h">1527</subfield></datafield><datafield tag="CAT" ind1=" " ind2=" "><subfield code="c">20090529</subfield><subfield code="l">FIN01</subfield><subfield code="h">1557</subfield></datafield><datafield tag="CAT" ind1=" " ind2=" "><subfield code="a">KVP</subfield><subfield code="b"></subfield><subfield code="c">20090702</subfield><subfield code="l">FIN01</subfield><subfield code="h">1328</subfield></datafield><datafield tag="CAT" ind1=" " ind2=" "><subfield code="a">BATCH-UPD</subfield><subfield code="b">00</subfield><subfield code="c">20141111</subfield><subfield code="l">FIN01</subfield><subfield code="h">1940</subfield></datafield><datafield tag="LOW" ind1=" " ind2=" "><subfield code="a">ARSCA</subfield></datafield><datafield tag="LOW" ind1=" " ind2=" "><subfield code="a">ALMA</subfield></datafield><datafield tag="LOW" ind1=" " ind2=" "><subfield code="a">FENNI</subfield></datafield><datafield tag="LOW" ind1=" " ind2=" "><subfield code="a">HELKA</subfield></datafield><datafield tag="LOW" ind1=" " ind2=" "><subfield code="a">HILLA</subfield></datafield><datafield tag="LOW" ind1=" " ind2=" "><subfield code="a">JOSKU</subfield></datafield><datafield tag="LOW" ind1=" " ind2=" "><subfield code="a">JYKDO</subfield></datafield><datafield tag="LOW" ind1=" " ind2=" "><subfield code="a">OULA</subfield></datafield><datafield tag="LOW" ind1=" " ind2=" "><subfield code="a">TAMCA</subfield></datafield><datafield tag="LOW" ind1=" " ind2=" "><subfield code="a">VAARI</subfield></datafield><datafield tag="LOW" ind1=" " ind2=" "><subfield code="a">VOLTE</subfield></datafield></record>
